
%% Surveys / Comparisons:

@article{Loiola:2007jk,
    author = {Loiola, Eliane Maria and de Abreu, Nair Maria Maia and Boaventura-Netto, Paulo Oswaldo and Hahn, Peter and Querido, Tania},
    title = {{A survey for the quadratic assignment problem}},
    journal = {European Journal of Operational Research},
    year = {2007},
    volume = {176},
    number = {2},
    pages = {657--690},
    month = jan
}

@inproceedings{Agrawal:2014if,
    author = {Agrawal, Arun Prakash and Kaur, Arvinder},
    title = {{A comparative analysis of memory using and memory less algorithms for Quadratic Assignment Problem}},
    booktitle = {2014 5th International Conference- Confluence The Next Generation Information Technology Summit},
    year = {2014},
    pages = {815--820},
    publisher = {IEEE}
}

%% Existing approaches:

@article{Koopmans:1957gf,
    author = {Koopmans, Tjalling C and Beckmann, Martin},
    title = {{Assignment Problems and the Location of Economic Activities}},
    journal = {Econometrica},
    year = {1957},
    volume = {25},
    number = {1},
    pages = {53},
    month = jan
}

@article{Harris:2015kw,
    author = {Harris, Matthew and Berretta, Regina and Inostroza-Ponta, Mario and Moscato, Pablo},
    title = {{A Memetic Algorithm for the Quadratic Assignment Problem with parallel local search.}},
    journal = {CEC},
    year = {2015},
    pages = {838--845}
}

@inproceedings{Gunawan:2014hva,
    author = {Gunawan, Aldy and Ng, Kien Ming and Poh, Kim-Leng and Lau, Hoong Chuin},
    title = {{Hybrid metaheuristics for solving the quadratic assignment problem and the generalized quadratic assignment problem}},
    booktitle = {2014 IEEE International Conference on Automation Science and Engineering (CASE)},
    year = {2014},
    pages = {119--124},
    publisher = {IEEE}
}

@inproceedings{Merz:1999kl,
    author = {Merz, P and Freisleben, B},
    title = {{A comparison of memetic algorithms, tabu search, and ant colonies for the quadratic assignment problem}},
    booktitle = {1999. Congress on Evolutionary Computation-CEC99},
    year = {1999},
    pages = {2063--2070},
    publisher = {IEEE}
}

@inproceedings{Meneses:2011hg,
    author = {Meneses, Hugo and Inostroza-Ponta, Mario},
    title = {{Evaluating Memory Schemas in a Memetic Algorithm for the Quadratic Assignment Problem}},
    booktitle = {2011 30th International Conference of the Chilean Computer Science Society (SCCC 2011)},
    year = {2011},
    pages = {14--18},
    publisher = {IEEE}
}

@article{Benlic:2015gp,
    author = {Benlic, Una and Hao, Jin-Kao},
    title = {{Memetic search for the quadratic assignment problem.}},
    journal = {Expert Syst. Appl. ()},
    year = {2015},
    volume = {42},
    number = {1},
    pages = {584--595}
}

@Misc{Inostroza:2008md,
    title = { An integrated and scalable approach based on combinatorial optimization techniques for the analysis of microarray data },
    author = { Inostroza-Ponta, Mario and University of Newcastle (N.S.W.). School of Electrical Engineering and Computer Science },
    publisher = { 2008 },
    year = { 2008 },
    type = { Thesis },
    subjects = { Bioinformatics; Combinatorial optimization; DNA microarrays -- Data processing },
    language = { English },
    note = { School of Electrical Engineering and Computer Science },
    catalogue-url = { http://trove.nla.gov.au/work/28729389 }
}

@article{Merz:2000ek,
    author = {Merz, Peter and Freisleben, Bernd},
    title = {{Fitness landscape analysis and memetic algorithms for the quadratic assignment problem.}},
    journal = {IEEE Trans. Evolutionary Computation ()},
    year = {2000},
    volume = {4},
    number = {4},
    pages = {337--352}
}

@article{Helal:2015de,
    author = {Helal, Ayah M and Jawdat, Enas and Abdelbar, Ashraf M},
    title = {{An improved Particle Swarm Optimization/Tabu search approach to the Quadratic Assignment Problem.}},
    journal = {CEC},
    year = {2015},
    pages = {220--226}
}

@article{Benlic:2013gi,
    author = {Benlic, Una and Hao, Jin-Kao},
    title = {{Breakout local search for the quadratic assignment problem.}},
    journal = {Applied Mathematics and Computation ()},
    year = {2013},
    volume = {219},
    number = {9},
    pages = {4800--4815}
}

@article{glover1989tabu,
  title={Tabu search-part I},
  author={Glover, Fred},
  journal={ORSA Journal on computing},
  volume={1},
  number={3},
  pages={190--206},
  year={1989},
  publisher={INFORMS}
}

@article{Misevicius:2012dj,
    author = {Misevicius, Alfonsas},
    title = {{An implementation of the iterated tabu search algorithm for the quadratic assignment problem}},
    journal = {OR Spectrum},
    year = {2012},
    volume = {34},
    number = {3},
    pages = {665--690}
}

@article{Burkard:1997ve,
    author = {Burkard, R E and Karisch, S E and Rendl, F},
    title = {{QAPLIB{\textendash}a quadratic assignment problem library}},
    journal = {Journal of Global optimization},
    year = {1997}
}


%% Applications

@article{Bhati:2014as,
	author = {Ravi Kumar Bhati and Akhtar Rasool},
	title = {Article: Quadratic Assignment Problem and its Relevance to the Real World: A Survey},
	journal = {International Journal of Computer Applications},
	year = {2014},
	volume = {96},
	number = {9},
	pages = {42-47},
	month = {June},
	note = {Full text available}
}


@inproceedings{XiongfengFeng:2015jo,
    author = {Xiongfeng Feng and Qiang Su},
    title = {{An applied case of quadratic assignment problem in hospital department layout}},
    booktitle = {2015 12th International Conference on Service Systems and Service Management (ICSSSM)},
    year = {2015},
    pages = {1--5},
    publisher = {IEEE}
}

%%   - Maybe
@article{Alguliyev:2015jw,
    author = {Alguliyev, Rasim M and Aliguliyev, Ramiz M and Isazade, Nijat R},
    title = {{An unsupervised approach to generating generic summaries of documents}},
    journal = {Applied Soft Computing},
    year = {2015},
    volume = {34},
    number = {C},
    pages = {236--250},
    month = sep
}
